2452 4380
55 203 137 269 guae
161 179 231 248 nisi
260 202 301 245 ex
331 179 505 246 literarum.
533 174 775 255 monumentis,
799 197 849 241 ac
877 198 920 242 ne
950 177 1005 243 lais
1038 176 1169 266 quidem

55 266 161 352 primo
184 265 300 332 ordine
311 308 322 347 ,
335 263 401 329 'sed
422 272 607 351 temporum
629 261 754 347 injuria
775 258 958 352 interrupto
974 285 1031 340 co,
1056 286 1168 350 proce·

56 350 210 415 dentibus
233 348 391 435 cognosci
412 370 480 413 non
501 355 659 434 possunta
691 345 878 432 linguarum
905 348 1115 436 antiquarum
1142 349 1175 417 si·

56 458 153 523 quam
169 434 204 497 iu
220 432 410 522 particulam
420 478 431 533 3
454 431 562 520 quoad
576 429 648 494 lieri
669 431 731 495 lroc
746 440 869 518 potest,
893 443 1041 497 accurate
1063 433 1173 522 inqui«

56 542 129 584 rere
152 518 213 583 tibi
235 540 461 606 proposueris,
485 538 504 580 a
526 514 641 604 primis
656 515 995 603 literarnm'restigiis
1017 516 1103 581 illud
1125 541 1169 582 re·

56 603 234 693 petendum
250 604 312 668 erit
326 614 358 667 et
372 624 431 686 per
450 611 633 688 temporum
649 599 804 688 deinceps
820 603 1037 702 sequentium,
1049 601 1170 691 scripta

56 698 267 753 monumenta
300 685 544 775 proferendum.
596 686 647 750 lta
676 708 823 772 graecam
853 686 999 774 lingnam
1021 689 1171 752 tractanti

57 773 98 838 als
122 772 266 838 Homero
287 771 417 836 initium
438 769 503 835 erit
522 767 730 852 laciendum,
756 771 798 834 ab
825 771 889 836 hoc
919 771 960 835 ad
991 770 1170 837 Hesiodum

58 867 245 934 eteorum,
280 857 339 946 qui
369 867 544 942 utrumque
565 853 670 919 secuti
692 867 790 934 sunt,
822 855 979 944 reliquias
1000 866 1171 922 transeun-

57 944 136 1008 dum
158 954 190 1006 et
211 941 246 1006 iu
269 963 401 1030 (proque¹
424 941 584 1027 scriptore
612 939 809 1019 videndum,
840 952 1007 1043 qnatenus·
1025 964 1045 1004 a
1066 944 1171 1028 primo

58 1025 291 1093 vocabulorum
314 1047 376 1101 usu
398 1036 431 1089 et
445 1024 684 1110 significatione
700 1026 896 1113 pedetentim
920 1025 962 1090 sit
976 1026 1169 1092 discessum.

56 1111 128 1177 Hac
150 1111 220 1177 sola
241 1109 368 1176 ratiouc
395 1109 626 1175 vocabulorum
657 1122 773 1176 natura
801 1109 968 1199 perspici,
997 1119 1032 1174 et
1061 1132 1173 1179 eorum

57 1197 109 1261 vis
131 1195 341 1273 determinari
363 1204 493 1283 potesta
516 1194 570 1258 cni
591 1195 801 1282 potissimum
822 1194 877 1260 rei·
900 1216 1032 1281 operam
1056 1220 1172 1262 narare

56 1279 280 1368 lexicographi
302 1290 351 1343 est
372 1301 447 1345 vere
469 1277 518 1343 sic
540 1278 631 1342 dicti.
684 1276 745 1344 Est
766 1289 872 1345 autem
894 1281 987 1366 ejus,
1009 1290 1048 1344 ut
1069 1292 1172 1348 tacea-
1213 1318 1215 1329 =

56 1390 129 1430 mus
151 1359 193 1428 do
214 1365 386 1429 verborum
415 1363 455 1426 ad
478 1363 726 1452 etymologiam,
757 1387 840 1452 quae
867 1364 1005 1444 dieitur,
1034 1367 1171 1433 adorna·

57 1451 165 1530 tione,
188 1448 394 1535 singulorum
416 1447 592 1513 verborum
614 1448 801 1538 historiam,
825 1459 986 1540 quatenns
1007 1449 1042 1514 id
1065 1463 1172 1540 potest

57 1533 142 1617 lieri,
164 1530 412 1619 accuratissime
423 1532 592 1615 exhibere,
639 1557 680 1598 na
694 1534 730 1599 in
746 1556 780 1598 rc
796 1557 874 1600 sene
895 1533 1173 1638 lexicographiam

57 1619 144 1683 inter
165 1628 196 1682 et
242 1617 493 1698 rammaticam·¹)
521 1617 604 1683 certi
615 1555 708 1685 (duee
730 1642 899 1711 nunquam
920 1623 1079 1686 constitus
1100 1633 1173 1712 pot·

57 1714 162 1789 crpnt.
206 1642 263 1767 §ic
286 1703 383 1766 nobis
406 1724 558 1789 qnoque,
590 1727 800 1793 quamquam,
818 1716 862 1770 'nt
881 1705 1031 1793 sequitur
1051 1729 1093 1771 ex
1116 1708 1171 1791 iis,

58 1810 143 1877 quac
164 1785 324 1862 diximus,
348 1809 417 1851 rem
438 1786 479 1850 ad
500 1785 779 1876 lexicographiam
808 1790 1025 1880 pertinentem
1055 1803 1173 1859 tracta·

56 1873 124 1938 turi
145 1894 278 1956 sumus,
309 1871 345 1936 in
366 1872 608 1958 grammaticam
637 1896 735 1963 saepe
762 1875 1068 1963 transgrediendum
1098 1881 1172 1958 erit,

56 1980 139 2034 nec,
164 1980 237 2022 cnm
260 1956 302 2022 ab
324 1967 396 2021 arte'
415 1955 528 2021 critica
549 1957 696 2023 nondum
718 1960 828 2024 omnir
849 1971 936 2025 certa
957 1961 1042 2045 siut,
1071 1963 1172 2029 absti-

57 2064 135 2106 nere
157 2065 218 2106 nos
241 2041 281 2107 ab
305 2042 555 2130 eapotcrirnus.
600 2041 738 2110 Minime
758 2067 836 2111 vero
857 2047 918 2112 hac
943 2044 980 2111 in
1010 2069 1047 2112 re
1076 2050 1174 2113 satis·

56 2127 174 2191 iecisse
196 2127 330 2212 putandi
352 2138 448 2207 suut,
482 2127 540 2215 qui
562 2128 736 2194 verborum
755 2130 1016 2218 significationes
1040 2155 1172 2198 enumc-

53 2220 131 2276 raut
151 2219 297 2291 tau'tum,
320 2212 398 2274 satis
421 2211 645 2299 multiplicem¹
664 2236 762 2302 saepe
788 2239 884 2280 usum
908 2239 983 2304 pree
1005 2236 1042 2282 se
1063 2218 1172 2283 feren·
1211 2238 1214 2265 ¹

57 2297 156 2375 tium,
179 2306 236 2377 ut,
271 2296 328 2381 qui
351 2295 482 2359 illorum
504 2296 660 2361 ex'lilrris
682 2297 815 2385 linguae
837 2303 1085 2388 cognoscendae
1108 2306 1171 2369 ele·

56 2390 165 2445 menta
196 2380 365 2457 hauriant,
395 2401 491 2467 saepe
526 2380 681 2466 iujuriam
714 2383 857 2451 inferant
889 2387 1042 2474 linguae,
1074 2392 1172 2476 cujus

56 2476 145 2529 tanta
174 2463 483 2546 sitiuconstantia,
514 2474 551 2528 ut
582 2475 648 2528 tam
676 2466 898 2559 discrepantes
927 2474 1082 2538 notiones
1105 2497 1171 2540 uno

56 2550 238 2638 eodemque
255 2547 418 2613 vocabulo
440 2550 648 2637 expresserit.
703 2585 706 2591 ·
807 2551 814 2573 l

140 2634 268 2698 Horum
290 2633 390 2722 igitur
411 2634 569 2700 rationem
590 2635 751 2705 vocabula
782 2640 941 2707 tractandi
968 2666 1036 2708 nou
1066 2645 1177 2710 imita·-

58 2717 186 2801 bimur,
216 2718 275 2784 sed
296 2741 381 2807 quae
402 2719 549 2785 videatur
569 2722 749 2815 particulae
777 2721 821 2799 ὥς
849 2725 1052 2815 primaevis,
1087 2753 1171 2818 quae

57 2804 217 2867 variarum
239 2803 516 2890 significationum
539 2806 625 2872 iuter
645 2830 680 2870 se
702 2809 746 2874 sit
767 2811 933 2898 coguatio,
949 2813 1080 2879 collatis
1103 2837 1173 2879 om·

59 2879 178 2966 nibus,
204 2911 288 2976 quae
309 2889 350 2952 ad
372 2911 441 2954 rem
463 2890 569 2957 lacere
590 2891 765 2976 videntur,
788 2897 983 2986 exemptas)
1005 2923 1171 2990 exponere

50 3047 324 3060 .......-.-----
1042 3053 1058 3089 Χ

73 3172 75 3176 »
125 3137 153 3204 Ι)
172 3135 350 3190 Grammatica
366 3139 571 3206 vocabulorum,
596 3154 726 3214 qnatenus
748 3157 875 3220 tanquam
899 3153 1039 3207 universae
1059 3155 1170 3224 linguae

55 3212 145 3276 partes
162 3208 278 3257 forman
296 3214 323 3258 et
343 3217 472 3279 usurpata
489 3215 556 3274 rint,
579 3215 652 3284 leges
679 3222 832 3280 constitnit3
859 3219 949 3272 differt
973 3231 1061 3276 autem
1086 3225 1122 3276 ab
1140 3244 1171 3278 ea

55 3277 174 3339 lexicon,
193 3278 265 3344 quod
281 3277 448 3346 singulorum
471 3298 562 3333 eornm
585 3288 638 3336 rim
655 3292 682 3337 et
698 3304 776 3338 urum
799 3290 905 3357 exponit
921 3307 970 3359 per
987 3309 1016 3344 se
1034 3300 1170 3363 spectato·

54 3360 124 3394 rum.
160 3343 254 3412 ltaque
272 3350 443 3411 grammatica
460 3351 545 3402 insius
564 3370 643 3422 saepe
660 3355 689 3405 in
706 3373 749 3406 res
766 3356 889 3409 difficiles
909 3359 1045 3430 inquiret,
1063 3362 1171 3415 lexicon

54 3427 98 3464 res
115 3414 233 3472 iuventas
253 3415 380 3482 excipiet,
406 3435 458 3485 qua
475 3421 503 3469 in
520 3437 567 3482 re,
597 3428 628 3473 ut
650 3422 744 3484 debet,
767 3426 931 3478 instituenda
956 3426 1018 3480 rane
1041 3446 1112 3499 opus
1130 3450 1169 3484 cs·

54 3485 112 3539 set,
132 3487 163 3531 ut
179 3497 270 3531 omnes
287 3484 445 3551 scriptorum
461 3489 590 3557 reliquiae
608 3497 665 3542 arte
682 3493 775 3544 critica
793 3502 921 3563 purgatae
939 3502 1043 3558 essent,
1071 3507 1099 3552 et
1117 3503 1171 3552 sin.

54 3549 177 3616 gulornm
195 3566 285 3600 eornm
303 3558 437 3605 exstarent
453 3557 558 3625 ringula
576 3560 674 3620 lexica;
698 3567 755 3613 tum
772 3563 877 3617 demum
900 3566 1107 3636 lexicographur
1124 3570 1170 3630 iis,

55 3632 122 3686 quae
147 3617 181 3668 ab
206 3620 348 3670 universali
374 3622 459 3674 lexico
480 3626 663 3692 postulantur,
686 3630 739 3680 ista
759 3634 862 3686 ratione
887 3636 1043 3687 satisfacere
1066 3645 1170 3706 posset.

55 3687 128 3754 qnod
144 3688 269 3754 quamdiu
286 3690 402 3751 nondum
420 3692 521 3744 laetum
539 3697 606 3754 erit,
630 3711 680 3745 nec
695 3698 898 3772 lexicograplrur
916 3705 1010 3761 critica
1033 3704 1171 3760 abstinere

53 3755 167 3823 poterit,
185 3757 264 3805 modo
281 3759 374 3824 paucis
391 3759 478 3810 verlsls
495 3778 551 3812 rem
569 3760 698 3816 absolvat.
1021 3774 1023 3779 '

121 3820 153 3889 a)
169 3821 201 3873 ln
226 3825 294 3875 locis
315 3825 408 3878 iliadis
429 3828 575 3882 afferendis·
595 3833 679 3882 eecnti
703 3849 795 3890 sumus
817 3837 968 3910 Spiteueri‚
992 3843 1022 3896 in
1045 3842 1169 3913 Odyssea

53 3890 341 3987 Banmgrrten-Crusii
357 3896 511 3951 editionem.
